<?xml version="1.0" encoding="UTF-8"?><collection xmlns="http://www.loc.gov/MARC21/slim"><record><leader>00413nam--2200133-i-4500</leader><controlfield tag="001">000029476</controlfield><controlfield tag="002">20161230</controlfield><controlfield tag="005">20161230201037</controlfield><controlfield tag="008">060222s1000------------r-----000-0-eng-d</controlfield><datafield ind1=" " ind2=" " tag="080"><subfield code="a">541.183.56(043)</subfield></datafield><datafield ind1=" " ind2=" " tag="100"><subfield code="a">Millot, Francis</subfield></datafield><datafield ind1=" " ind2=" " tag="245"><subfield code="a">Condensation didimensionnelle de l`argon adsorbe sur des halogenures lamelaires. these</subfield></datafield><datafield ind1=" " ind2=" " tag="260"><subfield code="a">Nansy, L`Univ.De Nancy, La Faculte De Sciences, 1975. 175p</subfield></datafield><datafield ind1=" " ind2=" " tag="852"><subfield code="a">44009</subfield></datafield></record></collection>